@misc{ mathworld:ConnectedGraphs,
   author = "Weisstein, Eric W.",
   title = "Connected Graph --- MathWorld {,} A Wolfram Web Resource",
   year = "2015",
   url = "\url{http://mathworld.wolfram.com/ConnectedGraph.html}",
   note = "[Online; accessed 30-September-2015]"
 }
 @misc{ mathworld:SimpleGraphs,
   author = "Weisstein, Eric W.",
   title = "Simple Graph --- MathWorld {,} A Wolfram Web Resource",
   year = "2015",
   url = "\url{http://mathworld.wolfram.com/SimpleGraph.html}",
   note = "[Online; accessed 30-September-2015]"
 }
 @misc{ mathworld:PlanarGraph,
   author = "Weisstein, Eric W.",
   title = "Planar Graph --- MathWorld {,} A Wolfram Web Resource",
   year = "2015",
   url = "\url{http://mathworld.wolfram.com/PlanarGraph.html}",
   note = "[Online; accessed 30-September-2015]"
 }
 @misc{ mathworld:Triangulation,
   author = "Weisstein, Eric W.",
   title = "Triangulated Graph --- MathWorld {,} A Wolfram Web Resource",
   year = "2015",
   url = "\url{http://mathworld.wolfram.com/PlanarGraph.html}",
   note = "[Online; accessed 30-September-2015]"
 }
 
 @misc{ NIST:self-loop,
   author = "Paul E. Black",
   title = "Dictionary of Algorithms and Data Structures",
   year = "2015",
   url = "\url{http://xlinux.nist.gov/dads//HTML/selfloop.html}",
   note = "[Online; accessed 30-September-2015]"
 }