@book{pach95combinatorial,
    author    = "Janos Pach and Pankaj K. Agarwal",
    title     = "Combinatorial Geometry",
    year      = "1995",
    publisher = "John Wiley \& Sons Inc.",
    address   = "New York, New York"
}
@book{stephenson05introduction,
    author    = "Kenneth Stephenson",
    title     = "Introduction to Circle Packing",
    year      = "2005",
    publisher = "Cambridge University Press",
    address   = "New York, New York"
}
@book{meshGeneration,
	author = "Siu-Wing Cheng, Tamal Krishna Dey and Jonathan Richard Shewchuk",
	title = "Delaunay Mesh Generation",
	year = "2012",
	publisher = "Chapman \& Hall/CRC"
}
@article{voronoiDiagrams,
	Author = "Franz Aurenhammer",
	Journal = "ACM Computing Surveys",
	Keywords  = {Cell complex, convex hull, clustering, triangulation},
	Pages = "345-405",
	Title = {Voronoi Diagrams -- A Survey of a Fundamental Geometric Data Structure},
	Volume = "23",
	Year = "1991"
}
@article{kelner06spectral,
	Author = {Jonathan A. Kelner},
	Journal = {{SIAM} J. Comput.},
	Keywords = {Circle Packing and Spectral Graph Theory},
	Number = {4},
	Pages = {882--902},
	Title = {Spectral Partitioning, Eigenvalue Bounds, and Circle Packings for Graphs of Bounded Genus},
	Volume = {35},
	Year = {2006}
	}
@article{miller97separators,
	Author = {Gary L. Miller and Shang-Hua Teng and William Thurston and Stephen A. Vavasis},
	Journal = {J. {ACM}},
	Number = {1},
	Pages = {1--29},
	Title = {Separators for sphere-packings and nearest neighbor graphs},
	Volume = {44},
	Year = {1997}
	}
@article{mohar93polynomial,
	Author = {Bojan Mohar},
	Date-Added = {2016-02-25 02:31:49 +0000},
	Date-Modified = {2016-02-25 02:33:28 +0000},
	Journal = {Discrete Mathematics},
	Number = {1--3},
	Pages = {257--263},
	Title = {A polynomial time circle packing algorithm},
	Volume = {117},
	Year = {1993}}

@article{bobenko03variational,
	Author = {Alexander I. Bobenko and Boris A. Springborn},
	Date-Added = {2016-02-25 02:41:33 +0000},
	Date-Modified = {2016-02-25 02:43:26 +0000},
	Journal = {Transactions of the American Mathematical Society},
	Number = {2},
	Pages = {659--689},
	Title = {Variational Principles for Circle Patterns and Koebe's Theorem},
	Volume = {356},
	Year = {2003}}
  
@article{colindeverdiere91principe,
	Author = {Yves Colin de Verdi{\`e}re},
	Date-Added = {2016-02-25 02:45:08 +0000},
	Date-Modified = {2016-02-25 02:46:18 +0000},
	Journal = {Inventiones mathematicae},
	Number = {1},
	Pages = {655--669},
	Title = {Un principe variationnel pour les empilements de cercles},
	Volume = {104},
	Year = {1991}}
	
@misc{wilkerson,
	Author = {Mary E. Wilkerson},
	Title = {Circle Packing in Euclidean and Hyperbolic Geometries},
	Year = {2008},
	publisher= {Virginia Polytechnic Institute},
	}
	
@misc{ mathworld:ConnectedGraphs,
   author = "Weisstein, Eric W.",
   title = "Connected Graph --- MathWorld {,} A Wolfram Web Resource",
   year = "2015",
   url = "\url{http://mathworld.wolfram.com/ConnectedGraph.html}",
   note = "[Online; accessed 30-September-2015]"
 }
 @misc{ mathworld:SimpleGraphs,
   author = "Weisstein, Eric W.",
   title = "Simple Graph --- MathWorld {,} A Wolfram Web Resource",
   year = "2015",
   url = "\url{http://mathworld.wolfram.com/SimpleGraph.html}",
   note = "[Online; accessed 30-September-2015]"
 }
 @misc{ mathworld:PlanarGraph,
   author = "Weisstein, Eric W.",
   title = "Planar Graph --- MathWorld {,} A Wolfram Web Resource",
   year = "2015",
   url = "\url{http://mathworld.wolfram.com/PlanarGraph.html}",
   note = "[Online; accessed 30-September-2015]"
 }
 @misc{ mathworld:Triangulation,
   author = "Weisstein, Eric W.",
   title = "Triangulated Graph --- MathWorld {,} A Wolfram Web Resource",
   year = "2015",
   url = "\url{http://mathworld.wolfram.com/TriangulatedGraph.html}",
   note = "[Online; accessed 30-September-2015]"
 }
@misc{ mathworld:Embedding,
	author = "Matt Insall, Rowland Todd and Eric W. Weisstein",
	title = "Embedding",
	year = "2016",
	url = "\url{http://mathworld.wolfram.com/Embedding.html}",
   note = "[Online; accessed 18-April-2016]"
   } 
@misc{ mathworld:Circumcenter,
   author = "Weisstein, Eric W.",
   title = "Circumcenter --- MathWorld {,} A Wolfram Web Resource",
   year = "2015",
   url = "\url{http://mathworld.wolfram.com/Circumcenter.html}",
   note = "[Online; accessed 30-September-2015]"
 } 
 @misc{ mathworld:k-Connected,
 	author = "Weisstein, Eric W.",
	title = "k-Connected Graph",
	year = "2016",
	url = "\url{http://mathworld.wolfram.com/k-ConnectedGraph.html}",
	note = "[Online; accessed 24-March-2016]"
	}
@misc{ mathworld:dualGraph,
 	author = "Weisstein, Eric W.",
	title = "Dual Graph",
	year = "2016",
	url = "\url{http://mathworld.wolfram.com/DualGraph.html}",
	note = "[Online; accessed 18-April-2016]"
	}
@misc{ donTutte,
 	author = "Don R. Sheehy",
	title = "Computational Geometry Lecture 12",
	year = "2010",
	url = "\url{http://donsheehy.net/courses/comp_geom/2014_fall/notes/18_tutte_1.pdf}",
	note = "[Online; accessed 19-April-2016]"
	}
@misc{ mathworld:ConcentricCircles,
 	author = "Weisstein, Eric W.",
	title = "Concentric Cirlces",
	year = "2016",
	url = "\url{http://mathworld.wolfram.com/ConcentricCircles.html}",
	note = "[Online; accessed 18-April-2016]"
	}
@misc{ mathworld:Centroid,
 	author = "Weisstein, Eric W.",
	title = "Geometric Centroid",
	year = "2016",
	url = "\url{http://mathworld.wolfram.com/GeometricCentroid.html}",
	note = "[Online; accessed 20-April-2016]"
	}
@misc{ mathworld:DiagonalMatrix,
 	author = "Weisstein, Eric W.",
	title = "Diagonal Matrix",
	year = "2016",
	url = "\url{http://mathworld.wolfram.com/DiagonalMatrix.html}",
	note = "[Online; accessed 20-April-2016]"
	}
@misc{ mathworld:DegreeMatrix,
 	author = "Weisstein, Eric W.",
	title = "Degree Matrix",
	year = "2016",
	url = "\url{http://mathworld.wolfram.com/DegreeMatrix.html}",
	note = "[Online; accessed 20-April-2016]"
	}
@misc{ mathworld:SymmetricMatrix,
 	author = "Weisstein, Eric W.",
	title = "Symmetric Matrix",
	year = "2016",
	url = "\url{http://mathworld.wolfram.com/SymmetricMatrix.html}",
	note = "[Online; accessed 20-April-2016]"
	}
@misc{ mathworld:AdjacencyMatrix,
 	author = "Weisstein, Eric W.",
	title = "Adjacency Matrix",
	year = "2016",
	url = "\url{http://mathworld.wolfram.com/AdjacencyMatrix.html}",
	note = "[Online; accessed 20-April-2016]"
	}
@misc{ mathworld:Transpose,
 	author = "Weisstein, Eric W.",
	title = "Transpose",
	year = "2016",
	url = "\url{http://mathworld.wolfram.com/Transpose.html}",
	note = "[Online; accessed 20-April-2016]"
	}
@misc{ mathworld:VertexDegree,
 	author = "Weisstein, Eric W.",
	title = "Vertex Degree",
	year = "2016",
	url = "\url{http://mathworld.wolfram.com/VertexDegree.html}",
	note = "[Online; accessed 20-April-2016]"
	}
@misc{ mathworld:Laplacian,
 	author = "Weisstein, Eric W.",
	title = "Laplacian Matrix",
	year = "2016",
	url = "\url{http://mathworld.wolfram.com/LaplacianMatrix.html}",
	note = "[Online; accessed 20-April-2016]"
	}
 @misc{ NIST:self-loop,
   author = "Paul E. Black",
   title = "Dictionary of Algorithms and Data Structures",
   year = "2015",
   url = "\url{http://xlinux.nist.gov/dads//HTML/selfloop.html}",
   note = "[Online; accessed 30-September-2015]"
 }
@book{combinatorialGeometry,
    author    = "Janos Pach and Pankaj K. Agarwal",
    title     = "Combinatorial Geometry",
    year      = "1995",
    publisher = "John Wiley \& Sons Inc.",
    address   = "New York, New York"
}
@book{princeton:CCW,
    author = "Robert Sedgewick and Kevin Wayne",
    title = "Algorithms: Fourth Edition",
    year      = "2011",
    publisher = "Princeton",
    url = "\url{http://algs4.cs.princeton.edu/91primitives/}",
    note = "[Online; accessed 03-April-2016]"
}
@book{AresRiboMor,
	author="Ares Ribo Mor",
	title = "Realization and Counting Problems for Planar Structures: Trees and Linkages, Polytopes and Polyominoes",
	year = "2005",
	publisher = "Institut f?ur Informatik",
	url = "\url{http://www.diss.fu-berlin.de/diss/servlets/MCRFileNodeServlet/FUDISS_derivate_000000002075/}",
	note = "[Online; accessed 03-April-2016]"
	}
@book{WhiteleyHandbook,
	author ="Jabob E. Goodman and Joseph O'Rourke",
	title = "Handbook of Discrete and Computational Geometry",
	year = "2004",
	publisher = "Chapman \& Hall/CRC",
	address = "Boca Raton, Florida"
	}
@book{realizationSpaces,
	author ="Jurgen Richter-Gebert",
	title = "Realization Spaces of Polytopes",
	year = "1996",
	publisher = "Technische Universit?at Berlin",
	address= "Berlin, Germany"
	}
@article{mccProof,
	Author = "Henry Crapo and Walter Whiteley",
	Journal = "Structural Topology",
	Volume = "20",
	Pages = "659--689",
	Title = "Plane self stresses and projected polyhedra I: The basic pattern",
	Year = "1993"
	}
@misc{ simplicialComplexes,
	author = "Herbert Edelsbrunner",
	title = "Simplicial Complexes",
	year = "1999",
	publisher = "Berkeley",
	url = "\url{http://www.cs.berkeley.edu/~jrs/meshpapers/edels/L-06.pdf}",
   note = "[Online; accessed 18-April-2016]"
   } 