@book{combinatorialGeometry,
    author    = "Janos Pach and Pankaj K. Agarwal",
    title     = "Combinatorial Geometry",
    year      = "1995",
    publisher = "John Wiley \& Sons Inc.",
    address   = "New York, New York"
}
@book{introCirlceacking,
    author    = "Kenneth Stephenson",
    title     = "Introduction to Circle Packing",
    year      = "2005",
    publisher = "Cambridge University Press",
    address   = "New York, New York"
}